
@article{DynamicEdgeConv,
  author       = {Yue Wang and
                  Yongbin Sun and
                  Ziwei Liu and
                  Sanjay E. Sarma and
                  Michael M. Bronstein and
                  Justin M. Solomon},
  title        = {Dynamic Graph {CNN} for Learning on Point Clouds},
  journal      = {CoRR},
  volume       = {abs/1801.07829},
  year         = {2018},
  url          = {http://arxiv.org/abs/1801.07829},
  eprinttype    = {arXiv},
  eprint       = {1801.07829},
  timestamp    = {Sun, 19 Feb 2023 13:17:38 +0100},
  biburl       = {https://dblp.org/rec/journals/corr/abs-1801-07829.bib},
  bibsource    = {dblp computer science bibliography, https://dblp.org}
}

@inproceedings{intsegimg,
  author = {Varatharasan, Vinorth and Shin, Hyo-Sang and Tsourdos, Antonios and Colosimo, Nick},
  year = {2019},
  month = {11},
  pages = {78-85},
  title = {Improving Learning Effectiveness For Object Detection and Classification in Cluttered Backgrounds},
  doi = {10.1109/REDUAS47371.2019.8999695}
}

@inproceedings{SiameseNN,
  added-at = {2017-03-27T16:51:39.000+0200},
  author = {Koch, Gregory and Zemel, Richard and Salakhutdinov, Ruslan},
  biburl = {https://www.bibsonomy.org/bibtex/26f83b8c4cf316e77e6f6ce1e97411b30/bsc},
  interhash = {a2596c72ef39240b7c4f86e6038d9344},
  intrahash = {6f83b8c4cf316e77e6f6ce1e97411b30},
  keywords = {neural-networks one-shot-learning},
  timestamp = {2017-03-27T16:51:39.000+0200},
  title = {Siamese Neural Networks for One-shot Image Recognition},
  year = 2015
}

@article{smote,
   title={SMOTE: Synthetic Minority Over-sampling Technique},
   volume={16},
   ISSN={1076-9757},
   url={http://dx.doi.org/10.1613/jair.953},
   DOI={10.1613/jair.953},
   journal={Journal of Artificial Intelligence Research},
   publisher={AI Access Foundation},
   author={Chawla, N. V. and Bowyer, K. W. and Hall, L. O. and Kegelmeyer, W. P.},
   year={2002},
   month={june},
   pages={321–357}
}

@article{smoteimg,
author = {Sharma, Anuraganand and Singh, Prabhat and Chandra, Rohitash},
year = {2022},
month = {01},
pages = {1-1},
title = {SMOTified-GAN for Class Imbalanced Pattern Classification Problems},
volume = {10},
journal = {IEEE Access},
doi = {10.1109/ACCESS.2022.3158977}
}

@article{smoteimg60,
author = {Hu, Feng and Li, Hang},
year = {2013},
month = {01},
pages = {},
title = {A Novel Boundary Oversampling Algorithm Based on Neighborhood Rough Set Model: NRSBoundary-SMOTE},
volume = {2013},
journal = {Mathematical Problems in Engineering},
doi = {10.1155/2013/694809}
}

@article{octree,
author = {Castro, Rener and Lewiner, Thomas and Lopes, Hélio and Tavares, Geovan and Bordignon, Alex},
year = {2008},
month = {09},
pages = {1557-1566},
title = {Statistical optimization of octree searches},
volume = {27},
journal = {Comput. Graph. Forum},
doi = {10.1111/j.1467-8659.2007.01104.x}
}